

@techreport{NonlinearDynamic,
    author = "Connolly, J. and Kopasakis, G. and Paxson, D. and Stuber, E. and Woolwine, K.",
    title = "Nonlinear Dynamic Modeling and Controls Development for Supersonic Propulsion System Research",
    institution = "NASA",
    type = "Technical Memorandum", 
    number = "(NASA/TM—2012-217273)",
    year = "2012",
}


@techreport{Turbofan,
    author = "Connolly, J. and  Kopasakis, G. and Lemon, K.",
    title = "Turbofan Volume Dynamic Model for Investigations of Aero-Propulso-Servo-Elastic Effects in a Supersonic Commercial Transport",
    institution = "NASA",
    type = "Technical Memorandum", 
    number = "(NASA/TM--2010-216069)",
    year = "2010",
}

@techreport{VolumeDynamic,
    author = "Kopasakis, G. and Connolly, J. and Paxson, D. and Ma, P. ",
    title = "Volume Dynamics Propulsion System Modeling for Supersonics Vehicle Research",
    institution = "NASA",
    type = "Technical Memorandum", 
    number = "(NASA/TM-2008-215172)",
    year = "2008",
}


@manual{MatlabOOP,
    author = "The MathWorks Inc.",
    title = "MATLAB® Object-Oriented Programming",
    howpublished = "Website",
    year = "2013",
}

@manual{TTECTrA,
    author = "Csank, J. T. and Zinnecker, A. M.",
    title = "Tool for Turbine Engine Closed-loop Transient Analysis (TTECTrA) Users’ Guide",
    year = "2014",
}

@manual{NPSS,
    title = "NPSS User Guide",
    organization = "The Ohio Aerospace Institute, on behalf of the NPSS Consortium",  
    year = "2010",
}